

@misc{robjohn_2015,
    title={Answer to “Definite integral of even powers of Cosine.”},
    url={https://math.stackexchange.com/a/1336951},
    journal={Mathematics Stack Exchange},
    author={robjohn}, 
    year={2015}, 
    month={Jun} 
}
   
@misc{Wallis_integrals_2022,
    url={https://en.wikipedia.org/w/index.php?title=Wallis\%27_integrals&oldid=1121146815},
    abstractNote={In mathematics, and more precisely in  analysis, the Wallis integrals constitute a family of integrals introduced by John Wallis.},
    note={Page Version ID: 1121146815},
    journal={Wikipedia},
    year={2022},
    month={Nov},
    language={en}
}

